@article{cheng2021synthetic,
  title={Synthetic lethality across normal tissues is strongly associated with cancer risk, onset, and tumor suppressor specificity},
  author={Cheng, Kuoyuan and Nair, Nishanth Ulhas and Lee, Joo Sang and Ruppin, Eytan},
  journal={Science advances},
  volume={7},
  number={1},
  pages={eabc2100},
  year={2021},
  publisher={American Association for the Advancement of Science}
}

@article{shen2018synthetic,
  title={Synthetic lethal networks for precision oncology: promises and pitfalls},
  author={Shen, John Paul and Ideker, Trey},
  journal={Journal of molecular biology},
  volume={430},
  number={18},
  pages={2900--2912},
  year={2018},
  publisher={Elsevier}
}

@article{lee2021synthetic,
  title={Synthetic lethality-mediated precision oncology via the tumor transcriptome},
  author={Lee, Joo Sang and Nair, Nishanth Ulhas and Dinstag, Gal and Chapman, Lesley and Chung, Youngmin and Wang, Kun and Sinha, Sanju and Cha, Hongui and Kim, Dasol and Schperberg, Alexander V and others},
  journal={Cell},
  volume={184},
  number={9},
  pages={2487--2502},
  year={2021},
  publisher={Elsevier}
}

@article{shohat2022gene,
  title={Gene essentiality in cancer cell lines is modified by the sex chromosomes},
  author={Shohat, Shahar and Shifman, Sagiv},
  journal={Genome Research},
  volume={32},
  number={11-12},
  pages={1993--2002},
  year={2022},
  publisher={Cold Spring Harbor Lab}
}

