@article{cheng2021synthetic,
  title={Synthetic lethality across normal tissues is strongly associated with cancer risk, onset, and tumor suppressor specificity},
  author={Cheng, Kuoyuan and Nair, Nishanth Ulhas and Lee, Joo Sang and Ruppin, Eytan},
  journal={Science advances},
  volume={7},
  number={1},
  pages={eabc2100},
  year={2021},
  publisher={American Association for the Advancement of Science}
}

@article{shen2018synthetic,
  title={Synthetic lethal networks for precision oncology: promises and pitfalls},
  author={Shen, John Paul and Ideker, Trey},
  journal={Journal of molecular biology},
  volume={430},
  number={18},
  pages={2900--2912},
  year={2018},
  publisher={Elsevier}
}

@article{lee2021synthetic,
  title={Synthetic lethality-mediated precision oncology via the tumor transcriptome},
  author={Lee, Joo Sang and Nair, Nishanth Ulhas and Dinstag, Gal and Chapman, Lesley and Chung, Youngmin and Wang, Kun and Sinha, Sanju and Cha, Hongui and Kim, Dasol and Schperberg, Alexander V and others},
  journal={Cell},
  volume={184},
  number={9},
  pages={2487--2502},
  year={2021},
  publisher={Elsevier}
}

@article{nijman2011synthetic,
  title={Synthetic lethality: general principles, utility and detection using genetic screens in human cells},
  author={Nijman, Sebastian MB},
  journal={FEBS letters},
  volume={585},
  number={1},
  pages={1--6},
  year={2011},
  publisher={Elsevier}
}

@article{o2015targeting,
  title={Targeting the DNA damage response in cancer},
  author={Oâ€™Connor, Mark J},
  journal={Molecular cell},
  volume={60},
  number={4},
  pages={547--560},
  year={2015},
  publisher={Elsevier}
}

@article{lee2018harnessing,
  title={Harnessing synthetic lethality to predict the response to cancer treatment},
  author={Lee, Joo Sang and Das, Avinash and Jerby-Arnon, Livnat and Arafeh, Rand and Auslander, Noam and Davidson, Matthew and McGarry, Lynn and James, Daniel and Amzallag, Arnaud and Park, Seung Gu and others},
  journal={Nature communications},
  volume={9},
  number={1},
  pages={2546},
  year={2018},
  publisher={Nature Publishing Group UK London}
}

@article{oliva2020impact,
  title={The impact of sex on gene expression across human tissues},
  author={Oliva, Meritxell and Mu{\~n}oz-Aguirre, Manuel and Kim-Hellmuth, Sarah and Wucher, Valentin and Gewirtz, Ariel DH and Cotter, Daniel J and Parsana, Princy and Kasela, Silva and Balliu, Brunilda and Vi{\~n}uela, Ana and others},
  journal={Science},
  volume={369},
  number={6509},
  pages={eaba3066},
  year={2020},
  publisher={American Association for the Advancement of Science}
}

@article{zeng2019selecting,
  title={Selecting precise reference normal tissue samples for cancer research using a deep learning approach},
  author={Zeng, William ZD and Glicksberg, Benjamin S and Li, Yangyan and Chen, Bin},
  journal={BMC Medical Genomics},
  volume={12},
  pages={179--189},
  year={2019},
  publisher={Springer}
}

