@inproceedings{watson1953structure,
  title={The structure of DNA},
  author={Watson, James D and Crick, Francis HC},
  booktitle={Cold Spring Harbor symposia on quantitative biology},
  volume={18},
  pages={123--131},
  year={1953},
  organization={Cold Spring Harbor Laboratory Press}
}

@article{wang2023dynamic,
  title={Dynamic alternative DNA structures in biology and disease},
  author={Wang, Guliang and Vasquez, Karen M},
  journal={Nature Reviews Genetics},
  volume={24},
  number={4},
  pages={211--234},
  year={2023},
  publisher={Nature Publishing Group UK London}
}

@article{hosseini2023deep,
  title={Deep statistical modelling of nanopore sequencing translocation times reveals latent non-B DNA structures},
  author={Hosseini, Marjan and Palmer, Aaron and Manka, William and Grady, Patrick GS and Patchigolla, Venkata and Bi, Jinbo and Oâ€™Neill, Rachel J and Chi, Zhiyi and Aguiar, Derek},
  journal={Bioinformatics},
  volume={39},
  number={Supplement\_1},
  pages={i242--i251},
  year={2023},
  publisher={Oxford University Press}
}
